@online{medium,
author = {Tsankashvili, Nika},
title = {Comparing edge detection methods},
year = {2018},
url = {https://medium.com/@nikatsanka/comparing-edge-detection-methods-638a2919476e},
organization = {Medium}
}

@misc{pil,
year = {2016}, 
doi = {10.5281/zenodo.44297}, 
publisher = {Zenodo}, 
author = {wiredfool and Alex Clark and Hugo and Andrew Murray and Alexander Karpinsky and Christoph Gohlke and Brian Crowell and David Schmidt and Alastair Houghton and Steve Johnson}, 
title = {Pillow: The friendly {PIL} fork},
url = {https://github.com/python-pillow/Pillow/tree/5.4.x},
year = {2016}
}

@article{sobel,
author = {Sobel, Irwin},
year = {2014},
month = {02},
title = {An Isotropic 3$\times$3 Image Gradient Operator},
journal = {Presentation at Stanford A.I. Project 1968}
}

@article{prewitt,
author = {Prewitt, J. M. S.},
journal = {Picture processing and psychopictorics},
title = {Object enhancement and extraction},
publisher = {Academic Press},
year = {1970}
}

@article{canny,
author = {Canny, John F.},
title = {A computational approach to edge detection},
journal = {IEEE transactions on pattern analysis and machine intelligence},
year = {1986},
volume = {8},
number = {6},
pages = {679--698}
}

@Book{soriano,
author = {Soriano, Maricor N.},
title = {Measuring area from images},
year = {2019}
}
