@Book{soriano,
author = {Soriano, Maricor N.},
title = {A12 - Feature extraction},
year = {2019}
}

@article{kaggle,
author = {Muresan, Horea and Oltean, Mihai},
title = {Fruit recognition from images using deep learning},
journal = {Acta Univ. Sapientiae, Informatica},
year = {2018},
volume = {10},
number = {1},
pages = {26--42},
doi = {10.2478/ausi-2018-0002}
}
