@Book{soriano,
	author = {Soriano, Maricor N.},
	title = {A18 -- Convolutional Neural Networks},
	year = {2019}
}

@online{catdog-small,
	author = {Kaggle},
	title = {Cats and Dogs dataset to train a {DL} model},
	url = {https://www.kaggle.com/tongpython/cat-and-dog},
	year = {2017}
}

@online{catdog-huge,
	author = {Kaggle},
	title = {Dogs vs Cats},
	url = {https://www.kaggle.com/c/dogs-vs-cats/data},
	year = {2015}
}

@article{imagenet,
	author = {Krizhevsky, Alex and Sutskever, Ilya and Hinton, Geoffrey E},
	title = {{ImageNet} Classification with Deep Convolutional Neural Networks},
	journal = {Advances in Neural Information Processing Systems},
	volume = {25},
	year = {2012},
	pages = {1097--1105}
}

@online{kdnuggets,
	author = {Strika, Luciano},
	title = {Convolutional neural networks: A {P}ython tutorial using {T}ensorflow and {K}eras},
	year = {2019},
	url = {https://www.kdnuggets.com/2019/07/convolutional-neural-networks-python-tutorial-tensorflow-keras.html}
}

@online{agarwal,
	author = {Agarwal, Animesh},
	title = {Building efficient data pipelines using {TensorFlow}},
	year = {2019},
	url = {https://towardsdatascience.com/building-efficient-data-pipelines-using-tensorflow-8f647f03b4ce}
}

@article{nn-svg,
	author = {LeNail, Alex},
	title = {{NN-SVG}: Publication-ready neural network architecture schematics},
	journal = {Journal of Open Source Software},
	year = {2019},
	volume = {4},
	number = {33},
	issue = {33},
	pages = {747},
	doi = {10.21105/joss.00747}
}

@online{godoy,
	author = {Godoy, Daniel},
	title = {Understanding binary cross-entropy/log loss: a visual explanation},
	year = {2018},
	url = {https://towardsdatascience.com/understanding-binary-cross-entropy-log-loss-a-visual-explanation-a3ac6025181a}
}
