@Book{soriano,
	author = {Soriano, Maricor N.},
	title = {A17 -- Neural Networks},
	year = {2019}
}