@Article{kadota,
author = {Kadota, K. and Matsuoka, H. and Ramos, Henry J. and Miyake, S. and Tsuchida, K. and Fujita, J. and Usui, T. and Oda, T.},
title = {Neutral beam probe spectroscopy for edge plasma diagnostics},
journal = {J. Nucl. Mater.},
year = {1984},
volume = {128--129},
pages = {960--964},
doi = {10.1016/0022-3115(84)90494-X}
}