@online{roelofs,
author = {Roelofs, Greg},
title = {History of the portable networks graphics format},
year = {1999},
url = {http://www.libpng.org/pub/png/pnghist.html}
}

@article{wiggins,
author = {Wiggins, Richard H. and Davidson, Christian and Harnsberger, Ric and Lauman, Jason R. and Goede, Patricia A.},
title = {Image formats: Past, present, and future},
journal = {RadioGraphics},
year = {2001},
volume = {21},
number = {3},
doi = {10.1148/radiographics.21.3.g01ma25789}
}
