@Book{soriano,
author = {Soriano, Maricor N.},
title = {Enhancement by histogram manipulation},
year = {2019}
}

@online{skimage,
 title = {Histogram equalization},
 author = {van der Walt, {S}t\'efan and {S}ch\"onberger, {J}ohannes {L}. and
           {Nunez-Iglesias}, {J}uan and {B}oulogne, {F}ran\c{c}ois and {W}arner,
           {J}oshua {D}. and {Y}ager, {N}eil and {G}ouillart, {E}mmanuelle and
           {Y}u, {T}ony and the scikit-image contributors},
 year = {2014},
 url = {https://scikit-image.org/docs/dev/auto_examples/color_exposure/plot_equalize.html}
}

