@article{fyzhu_2014_IJPRS_SS_NMF,
	author 			= { Feiyun Zhu and
					   Ying Wang and
					   Shiming Xiang and
					   Bin Fan and 
					   Chunhong Pan}, 
   title            = {Structured Sparse Method for Hyperspectral Unmixing},
   journal          = {ISPRS Journal of Photogrammetry and Remote Sensing},
	volume 			= {88}, 
	pages 			= {101-118}, 
	year 			= {2014},
   ee               = {http://arxiv.org/abs/1403.4682},
}

@article{fyzhu_2014_TIP_DgS_NMF,
	author 			= {Feiyun Zhu and
					   Ying Wang and
					   Bin Fan   and
					   Gaofeng Meng and
					   Shiming Xiang and
					   Chunhong Pan}, 
	title 			= {Spectral Unmixing via Data-guided Sparsity},
    journal   		= {CoRR},
    year      		= {2014},
    volume   		= {abs/1403.3155},
	ee       		= {http://arxiv.org/abs/1403.3155},
}

@article{fyzhu_2014_JSTSP_RRLbS,
	author 			= {Feiyun Zhu and
					   Ying Wang and
					   Bin Fan   and
					   Gaofeng Meng and
					   Chunhong Pan}, 
	title 			= {Effective Spectral Unmixing via Robust Representation and Learning-based Sparsity},
    journal   		= {CoRR},
    year      		= {2014},
    volume   		= {abs/1409.0685},
	ee       		= {http://arxiv.org/abs/1409.0685},
}
