@Book{soriano,
author = {Soriano, Maricor N.},
title = {Image segmentation},
year = {2019}
}

@online{barteezy,
author = {Bartolome, Martin Francis},
title = {Activity 7 -- {I}mage segmentation},
year = {2015},
url = {https://barteezy.wordpress.com/2015/10/05/activity-7-image-segmentationo/}
}

@online{otsu,
author = {Wikipedia},
title = {Otsu's method},
year = {2019},
url = {https://en.wikipedia.org/wiki/Otsu%27s_method}
}

@Article{malaria,
author = {Mas, David and Ferrer, Belen and Cojoc, Dan and Finaurini, Sara and Mico, Vicente and Garcia, Javier},
title = {Novel image processing approach to detect malaria},
journal = {Optics Communications},
year = {2015},
volume = {350},
pages = {13--18},
doi = {10.1016/j.optcom.2015.03.064}
}

@online{cancer,
author = {Levey, Simon},
title = {Scientists seek out cancer cells hiding from treatment},
year = {2013},
url = {https://www.imperial.ac.uk/news/118017/scientists-seek-cancer-cells-hiding-from/}
}