@Book{soriano,
author = {Soriano, Maricor N.},
title = {A11 - Basic video processing},
year = {2019}
}