@Book{soriano,
author = {Soriano, Maricor N.},
title = {A14 - Logistic regression},
year = {2019}
}

@article{fruits,
author = {Mazen, Fatma and Nashat, Ahmed},
title = {Ripeness classification of bananas using an artificial neural network},
journal = {Arabian Journal for Science and Engineering},
year = {2019},
doi = {10.1007/s13369-018-03695-5}
}
