@Book{soriano,
	author = {Soriano, Maricor N.},
	title = {A16 -- Support Vector Machines},
	year = {2019}
}

@Book{veksler,
	author = {Veksler, Olga},
	title = {CS434a/541a: Pattern Recognition -- Lecture 11},
	year = {n.d.}
}

@article{cvxpy,
	author  = {Diamond, Steven and Boyd, Stephen},
	title   = {{CVXPY}: A {P}ython-Embedded Modeling Language for Convex Optimization},
	journal = {Journal of Machine Learning Research},
	year    = {2016},
	volume  = {17},
	number  = {83},
	pages   = {1--5},
}