@Book{soriano,
	author = {Soriano, Maricor N.},
	title = {A15 -- Expectation maximization},
	year = {2019}
}

@online{chan,
	author = {Chan, Cliburn and McCarthy, Janice},
	title = {Expectation maximization ({EM}) algorithm},
	year = {2017},
	url = {https://people.duke.edu/~ccc14/sta-663/EMAlgorithm.html}
	booktitle = {Computational statistics in {P}ython}
}
